<?xml version="1.0" encoding="UTF-8"?><record xmlns="http://www.loc.gov/MARC21/slim" xmlns:cinclude="http://apache.org/cocoon/include/1.0" xmlns:zs="http://www.loc.gov/zing/srw/">
  <leader>00938cz  a2200181n  4500</leader>
  <controlfield tag="001">n  79102903 </controlfield>
  <controlfield tag="003">DLC</controlfield>
  <controlfield tag="005">20120810081123.0</controlfield>
  <controlfield tag="008">790911n| acannaabn          |b ana      </controlfield>
  <datafield tag="010" ind1=" " ind2=" ">
    <subfield code="a">n  79102903 </subfield>
  </datafield>
  <datafield tag="035" ind1=" " ind2=" ">
    <subfield code="a">(OCoLC)oca00334963</subfield>
  </datafield>
  <datafield tag="040" ind1=" " ind2=" ">
    <subfield code="a">DLC</subfield>
    <subfield code="b">eng</subfield>
    <subfield code="c">DLC</subfield>
    <subfield code="d">OCoLC</subfield>
    <subfield code="d">DLC</subfield>
  </datafield>
  <datafield tag="111" ind1="2" ind2=" ">
    <subfield code="a">International Congress of Latin Americanist Geographers</subfield>
  </datafield>
  <datafield tag="411" ind1="2" ind2=" ">
    <subfield code="a">Congreso Internacional de Geo휍혖grafos Latinamericanistas</subfield>
  </datafield>
  <datafield tag="411" ind1="2" ind2=" ">
    <subfield code="a">Congress of Latin Americanist Geographers, International</subfield>
  </datafield>
  <datafield tag="411" ind1="2" ind2=" ">
    <subfield code="a">Latin Americanist Geographers, International Congress of</subfield>
  </datafield>
  <datafield tag="667" ind1=" " ind2=" ">
    <subfield code="a">THIS 1XX FIELD CANNOT BE USED UNDER RDA UNTIL THIS RECORD HAS BEEN REVIEWED AND/OR UPDATED</subfield>
  </datafield>
  <datafield tag="670" ind1=" " ind2=" ">
    <subfield code="a">Its 1st, Paipa, Colombia, 1977. The role of geographical research in Latin America, 1978- :</subfield>
    <subfield code="b">v. 1, t.p. (First International Congress of Latin Americanist Geographers, Paipa, Colombia, Aug. 8-12, 1977) p. 1 (I Congreso Internacional de Geo휍혖grafos Latinoamericanistas)</subfield>
  </datafield>
</record>